<?xml version="1.0" encoding="UTF-8"?><collection xmlns="http://www.loc.gov/MARC21/slim"><record><leader>00500nam--2200157-i-4500</leader><controlfield tag="001">000013774</controlfield><controlfield tag="002">20161230</controlfield><controlfield tag="005">20170125170735</controlfield><controlfield tag="008">060222s1000------------r-----000-0-eng-d</controlfield><datafield ind1=" " ind2=" " tag="080"><subfield code="a">621.3.01:621.3.05</subfield></datafield><datafield ind1=" " ind2=" " tag="100"><subfield code="a">Cauer, Wilhelm</subfield></datafield><datafield ind1=" " ind2=" " tag="245"><subfield code="a">Theorie der linearen wechselstrom schaltungen. 2. Auflage herausgegeben und aus dem nachlass erganzt von Wilhelm Klein und Franz M.Pelz</subfield></datafield><datafield ind1=" " ind2=" " tag="260"><subfield code="a">Berlin</subfield><subfield code="b">Akademic Press</subfield><subfield code="c">1954</subfield></datafield><datafield ind1=" " ind2=" " tag="300"><subfield code="a">XXIV + 769 p</subfield></datafield><datafield ind1=" " ind2=" " tag="852"><subfield code="a">76216</subfield></datafield><datafield ind1=" " ind2=" " tag="CAT"><subfield code="a">SYS</subfield><subfield code="c">20170125</subfield><subfield code="h">170735</subfield></datafield></record></collection>